%% This BibTeX bibliography file was created using BibDesk.
%References for Heterogeneous Networks..
@book{bookhtn1,
  title={Digital communication systems engineering with software-defined radio},
  author={Wyglinski, Alexander M and Pu, Di},
  year={2013},
  publisher={Artech House}
}

@article{arhtn2,
  title={NeXt generation/dynamic spectrum access/cognitive radio wireless networks: A survey},
  author={Akyildiz, Ian F and Lee, Won-Yeol and Vuran, Mehmet C and Mohanty, Shantidev},
  journal={Computer networks},
  volume={50},
  number={13},
  pages={2127--2159},
  year={2006},
  publisher={Elsevier}
}

@article{arhtn3,
  title={A survey of dynamic spectrum access},
  author={Zhao, Qing and Sadler, Brian M},
  journal={IEEE signal processing magazine},
  volume={24},
  number={3},
  pages={79--89},
  year={2007},
  publisher={IEEE}
}

@article{arhtn4,
  title={Energy detection of unknown deterministic signals},
  author={Urkowitz, Harry},
  journal={Proceedings of the IEEE},
  volume={55},
  number={4},
  pages={523--531},
  year={1967},
  publisher={IEEE}
}

@inproceedings{inphtn5,
  title={Implementation issues in spectrum sensing for cognitive radios},
  author={Cabric, Danijela and Mishra, Shridhar Mubaraq and Brodersen, Robert W},
  booktitle={Signals, systems and computers, 2004. Conference record of the thirty-eighth Asilomar conference on},
  volume={1},
  pages={772--776},
  year={2004},
  organization={Ieee}
}

@inproceedings{inphtn6,
  title={Fundamental limits on detection in low SNR under noise uncertainty},
  author={Tandra, Rahul and Sahai, Anant},
  booktitle={Wireless Networks, Communications and Mobile Computing, 2005 International Conference on},
  volume={1},
  pages={464--469},
  year={2005},
  organization={IEEE}
}

@inproceedings{inphtn7,
  title={Cooperative sensing among cognitive radios},
  author={Mishra, Shridhar Mubaraq and Sahai, Anant and Brodersen, Robert W},
  booktitle={Communications, 2006. ICC'06. IEEE International conference on},
  volume={4},
  pages={1658--1663},
  year={2006},
  organization={IEEE}
}

@inproceedings{inphtn8,
  title={Impact of user collaboration on the performance of sensing-based opportunistic spectrum access},
  author={Ghasemi, Amir and Sousa, Elvino S},
  booktitle={Vehicular Technology Conference, 2006. VTC-2006 Fall. 2006 IEEE 64th},
  pages={1--6},
  year={2006},
  organization={IEEE}
}

@article{arhtn9,
  title={Soft combination and detection for cooperative spectrum sensing in cognitive radio networks},
  author={Ma, Jun and Zhao, Guodong and Li, Ye},
  journal={IEEE Transactions on Wireless Communications},
  volume={7},
  number={11},
  pages={4502--4507},
  year={2008},
  publisher={IEEE}
}

@inproceedings{inphtn10,
  title={An optimal soft fusion scheme for cooperative spectrum sensing in cognitive radio network},
  author={Shen, Bin and Cui, Taiping and Kwak, Kyungsup and Zhao, Chengshi and Zhou, Zheng},
  booktitle={Wireless Communications and Networking Conference, 2009. WCNC 2009. IEEE},
  pages={1--5},
  year={2009},
  organization={IEEE}
}

@article{arhtn11,
  title={Review of robust cooperative spectrum sensing techniques for cognitive radio networks},
  author={Rif{\`a}-Pous, Helena and Blasco, Mercedes Jim{\'e}nez and Garrigues, Carles},
  journal={Wireless Personal Communications},
  volume={67},
  number={2},
  pages={175--198},
  year={2012},
  publisher={Springer}
}

@inproceedings{inhtn12,
  title={Optimal cooperative sensing and its robustness to decoding errors},
  author={Zeng, Yonghong and Liang, Ying-Chang and Zheng, Shoukang and Peh, Edward CY},
  booktitle={Communications (ICC), 2011 IEEE International Conference on},
  pages={1--5},
  year={2011},
  organization={IEEE}
}

@article{arhtn13,
  title={Cooperative spectrum sensing in heterogeneous cognitive radio networks based on normalized energy detection},
  author={Yang, Guosheng and Wang, Jun and Luo, Jun and Wen, Oliver Yu and Li, Husheng and Li, Qiang and Li, Shaoqian},
  journal={IEEE Transactions on vehicular technology},
  volume={65},
  number={3},
  pages={1452--1463},
  year={2016},
  publisher={IEEE}
}

@article{arhtn14,
  title={Eigenvalue-based spectrum sensing algorithms for cognitive radio},
  author={Zeng, Yonghong and Liang, Y-C},
  journal={IEEE transactions on communications},
  volume={57},
  number={6},
  year={2009},
  publisher={IEEE}
}

@inproceedings{inphtn15,
  title={Performance of cooperative spectrum sensing in Hoyt fading channel under hard decision fusion rules},
  author={Nallagonda, Srinivas and Roy, Sanjay Dhar and Chandra, Aniruddha and Kundu, Sumit},
  booktitle={Computers and Devices for Communication (CODEC), 2012 5th International Conference on},
  pages={1--4},
  year={2012},
  organization={IEEE}
}

@electronic{gnradio,
 title     = "{GNU Radio}",
 url       = "http://gnuradio.org/",
}

@electronic{rtlsdr,
 title     = "{RTL-SDR}",
 url       = "http://www.rtl-sdr.com/"
}

@electronic{usrp,
 title     = "{USRP}",
 url       = "https://www.ettus.com/product/category/USRP-Embedded-Series/"
}

@electronic{xilinx,
 title = "{Xilinx-Spartan-3A}",
 url  = "https://www.xilinx.com/products/silicon-devices/fpga/xa-spartan-3a.html"
}

@electronic{matlab,
 title     = "{MATLAB2017a}",
 url       = "https://www.mathworks.com/products/matlab.html"
}

@electronic{fcc,
 title     = "{FCC Frequency Allocation Chart}",
 url       = "https://www.ntia.doc.gov/page/2011/united-states-frequency-allocation-chart"
}

@electronic{rtl,
 title    = "{20\$ RTL-SDR}",
 url      = "https://www.rtl-sdr.com/about-rtl-sdr/"
}
%LTE-R References...
@techreport{trlter1,
	title ={{GSM-R} functional requirement specification {(FRS)}},
	author = {{UIC} {GSM-R} {F}unctional {G}roup},
	institution = {{UIC, Paris, France} UIC EIRENE Technology Report},
	number = {UIC Code 950, Version 7.3.0},
	year= {2012},
}

@techreport{trlter2,
	title ={Evolved Universal Terrestrial Radio Access {(E-UTRA)}; {LTE} physical layer; General description},
	author = {3GPP TS 36.201},
	institution = {3GPP, Sophia Antipolis, France},
	number = {version 12.2.0, Release 12}, 
	year= {2015},
}

@article{arlter3,
  title={{LTE/SAE} The Future Railway Mobile Radio System? Long Term Visions on Railway Mobile Radio Technologies},
  author={Masur, KD and Mandoc, D},
  journal={International Union of Railways (UIC), Technical Report},
  volume={1},
  year={2009}
}

@inproceedings{inplter4,
  title={A high-speed railway mobile communication system based on {LTE}},
  author={Tingting, Gao and Bin, Sun},
  booktitle={Electronics and Information Engineering (ICEIE), 2010 International Conference On},
  volume={1},
  pages={V1--414},
  year={2010},
  organization={IEEE}
}

@inproceedings{inplter5,
  title={Assessment of {LTE-R} using high speed railway channel model},
  author={Guan, Ke and Zhong, Zhangdui and Ai, Bo},
  booktitle={Communications and Mobile Computing (CMC), 2011 Third International Conference on},
  pages={461--464},
  year={2011},
  organization={IEEE}
}

@inproceedings{inplter6,
  title={Path loss models in viaduct and plain scenarios of the high-speed railway},
  author={Wei, Hong and Zhong, Zhangdui and Guan, Ke and Ai, Bo},
  booktitle={Communications and Networking in China (CHINACOM), 2010 5th International ICST Conference on},
  pages={1--5},
  year={2010},
  organization={IEEE}
}

@article{arlter7,
  title={Wireless propagation in tunnels},
  author={Dudley, Donald G and Lienard, Martine and Mahmoud, Samir F and Degauque, Pierre},
  journal={IEEE Antennas and Propagation Magazine},
  volume={49},
  number={2},
  pages={11--26},
  year={2007},
  publisher={IEEE}
}

@inproceedings{inplter8,
  title={Wideband analysis of large scale and small scale fading in tunnels},
  author={Molina-Garcia-Pardo, J-M and Lienard, M and Nasr, A and Degauque, P},
  booktitle={ITS Telecommunications, 2008. ITST 2008. 8th International Conference on},
  pages={270--273},
  year={2008},
  organization={IEEE}
}

@inproceedings{inplter9,
author={T. Liu and X. Ma and R. Zhao and H. Dong and L. Jia},
booktitle={2016 IEEE 83rd Vehicular Technology Conference (VTC Spring)},
title={Doppler Shift Estimation for High-Speed Railway Scenario},
year={2016},
pages={1-5},
month={May},}

@article{arlter10,
  title={Modeling of Radio Channels With Leaky Coaxial Cable for {LTE-M} Based CBTC Systems},
  author={Wang, Hongwei and Yu, F Richard and Jiang, Hailin},
  journal={IEEE Communications Letters},
  volume={20},
  number={5},
  pages={1038--1041},
  year={2016},
  publisher={IEEE}
}

@book{booklter11,
  title={Wireless communications: principles and practice},
  author={Rappaport, Theodore S},
  volume={2},
  year={1996},
  publisher={prentice hall PTR New Jersey}
}

@inproceedings{inplter12,
  title={On the energy detection of unknown signals over fading channels},
  author={Digham, Fadel F and Alouini, M-S and Simon, Marvin K},
  booktitle={Communications, 2003. ICC'03. IEEE International Conference on},
  volume={5},
  pages={3575--3579},
  year={2003},
  organization={Ieee}
}

@book{booklter13,
  title={Mobile radio channels},
  author={P{\"a}tzold, Matthias},
  year={2011},
  publisher={John Wiley \& Sons}
}

@techreport{trlter14,
	title ={{T}echnical specification group radio access network; {S}patial channel model for {MIMO} simulations},
	author = {3rd Generation Partnership Project},
	institution = {3GPP, Sophia Antipolis, France},
	number = {TR 25.996 V6.1.0}, 
	year= {2003},
}

@inproceedings{inlter15,
  title={Performance Analysis of {UHF} Mobile Satellite Communication System Experiencing Ionospheric Scintillation and Terrestrial Multipath Fading},
  author={Ferreira, Paulo Victor R and Wyglinski, Alexander M},
  booktitle={Vehicular Technology Conference (VTC Fall), 2015 IEEE 82nd},
  pages={1--5},
  year={2015},
  organization={IEEE}
}

@book{booklter16,
  title={Electromagnetic waves and radiating systems},
  author={Jordane, Dward and others},
  year={1967},
  publisher={Prentice-Hall Of Lndia Private Limited; New Delhi}
}

@article{lter17,
  title={Effects of different parameters on attenuation rates in circular and arch tunnels},
  author={Arshad, Kamran and Katsriku, Ferdinand and Lasebae, Aboubaker and others},
  journal={PIERS Online},
  volume={3},
  number={5},
  pages={607--611},
  year={2007},
  publisher={Progress in Electromagnetics Research Symposium (PIERS)}
}

% New References...

@ARTICLE{cogjm,
author={J. Mitola and G. Q. Maguire},
journal={IEEE Personal Communications},
title={Cognitive radio: making software radios more personal},
year={1999},
volume={6},
number={4},
pages={13-18},
keywords={cellular radio;cognitive systems;equalisers;knowledge representation languages;model-based reasoning;personal communication networks;protocols;software agents;software architecture;telecommunication computing;GSM;RF bands;air interfaces;automated reasoning;cognitive radio agents;multiband multimode personal communications systems;personal services;protocol stack;radio equalizer;radio etiquette;radio knowledge representation language;radio networks;radio nodes;radio propagation;radio spectrum;radio-domain model-based reasoning;radio-domain-aware intelligent agents;software modules;software radios;spatial patterns;temporal patterns;Application specific integrated circuits;Baseband;Cognitive radio;Equalizers;GSM;Hardware;Modems;Radio frequency;Software algorithms;Software radio},
doi={10.1109/98.788210},
ISSN={1070-9916},
month={Aug},}

@article{barker2008mission,
  title={Mission-Oriented Communications Properties for Software-Defined Radio Configuration},
  author={Barker, Brett and Agah, Arvin and Wyglinski, Alexander M},
  journal={Cognitive Radio Networks},
  pages={435},
  year={2008},
  publisher={CRC Press}
}

@article{haykin2005cognitive,
  title={Cognitive radio: brain-empowered wireless communications},
  author={Haykin, Simon},
  journal={IEEE journal on selected areas in communications},
  volume={23},
  year={2005},
  number={2},
}
@article{newman2007cognitive,  
  title={Cognitive engine implementation for wireless multicarrier transceivers},
  author={Newman, Tim R and Barker, Brett A and Wyglinski, Alexander M and Agah, Arvin and Evans, Joseph B and Minden, Gary J},
  journal={Wireless communications and mobile computing},
  volume={7},
  number={9},
  pages={1129--1142},
  year={2007},
  publisher={Wiley Online Library}
}

@article{newman2008population,
  title={Population adaptation for genetic algorithm-based cognitive radios},
  author={Newman, Timothy R and Rajbanshi, Rakesh and Wyglinski, Alexander M and Evans, Joseph B and Minden, Gary J},
  journal={Mobile networks and applications},
  volume={13},
  number={5},
  pages={442--451},
  year={2008},
  publisher={Springer-Verlag New York, Inc.}
}

@INPROCEEDINGS{267870,
author={J. Mitola},
booktitle={[Proceedings] NTC-92: National Telesystems Conference},
title={Software radios-survey, critical evaluation and future directions},
year={1992},
volume={},
number={},
pages={13/15-13/23},
keywords={CAD;performance evaluation;technological forecasting;telecommunications computing;transceivers;CAD;algorithm structures;canonical open architecture software radio model;computer-aided design;critical evaluation;future directions;host architectures;layered topology oriented design approach;mathematical framework;performance;radio engineering;software intensive approaches;software radio requirements;topological consistency;Algorithm design and analysis;Computational modeling;Computer simulation;Design automation;Design engineering;Hardware;Performance analysis;Software performance;Software radio;Topology},
doi={10.1109/NTC.1992.267870},
ISSN={},
month={May},}

@ARTICLE{392998,
author={R. I. Lackey and D. W. Upmal},
journal={IEEE Communications Magazine},
title={Speakeasy: the military software radio},
year={1995},
volume={33},
number={5},
pages={56-61},
keywords={digital radio;land mobile radio;military communication;telecommunication computing;DSP technologies;Speakeasy Phase II radio;benefits;military software radio;programmable processing;Communication system control;Contracts;Costs;Digital signal processing;Laboratories;Military communication;Packaging;Signal processing;Software radio;Space technology},
doi={10.1109/35.392998},
ISSN={0163-6804},
month={May},}

@ARTICLE{4561570,
author={A. Hashimoto and H. Yoshino and H. Atarashi},
journal={IEEE Microwave Magazine},
title={Roadmap of IMT-advanced development},
year={2008},
volume={9},
number={4},
pages={80-88},
keywords={3G mobile communication;standardisation;IMT-advanced development;ITU-R;WRC-07 decisions;compatible operation;frequency 200 MHz;global cooperation;standardization;systems sharing;Assembly systems;Bandwidth;Collaborative work;Frequency;Multiaccess communication;Radio spectrum management;Radiofrequency identification;Region 1;Satellites;Standardization},
doi={10.1109/MMM.2008.924761},
ISSN={1527-3342},
month={Aug},}

@article{Wang2014,
abstract = {The fourth generation wireless communica- tion systems have been deployed or are soon to be deployed in many countries. However, with an explosion of wireless mobile devices and ser- vices, there are still some challenges that cannot be accommodated even by 4G, such as the spec- trum crisis and high energy consumption. Wire- less system designers have been facing the continuously increasing demand for high data rates and mobility required by new wireless applications and therefore have started research on fifth generation wireless systems that are expected to be deployed beyond 2020. In this article, we propose a potential cellular architec- ture that separates indoor and outdoor scenar- ios, and discuss various promising technologies for 5G wireless communication systems, such as massive MIMO, energy-efficient communica- tions, cognitive radio networks, and visible light communications. Future challenges facing these potential technologies are also discussed.},
author = {Wang, Cheng-Xiang and Haider, Fourat and Gao, Xiqi and You, Xiao-Hu and Yang, Yang and Yuan, Dongfeng and Aggoune, Hadi and Haas, Harald and Fletcher, Simon and Hepsaydir, Erol},
doi = {10.1109/MCOM.2014.6736752},
isbn = {0163-6804 VO - 52},
issn = {0163-6804},
journal = {IEEE Communications Magazine},
number = {2},
pages = {122--130},
title = {{Cellular architecture and key technologies for 5G wireless communication networks}},
url = {http://ieeexplore.ieee.org/lpdocs/epic03/wrapper.htm?arnumber=6736752},
volume = {52},
year = {2014}
}

@ARTICLE{4623708,
author={V. Chandrasekhar and J. G. Andrews and A. Gatherer},
journal={IEEE Communications Magazine},
title={Femtocell networks: a survey},
year={2008},
volume={46},
number={9},
pages={59-67},
keywords={wireless LAN;wireless channels;femtocell networks;wireless link;DSL;Femtocell networks;Interference;Macrocell networks;Microcell networks;Microwave antennas;Poles and towers;Spine;Telecommunication network reliability;Telecommunication traffic},
doi={10.1109/MCOM.2008.4623708},
ISSN={0163-6804},
month={September},}

@article{Boccardi2014,
abstract = {New research directions will lead to fundamental changes in the design of future fifth generation (5G) cellular networks. This article describes five technologies that could lead to both architectural and component disruptive design changes: device-centric architectures, millimeter wave, massive MIMO, smarter devices, and native support for machine-to-machine communications. The key ideas for each technology are described, along with their potential impact on 5G and the research challenges that remain.},
archivePrefix = {arXiv},
arxivId = {1312.0229},
author = {Boccardi, Federico and Heath, Robert and Lozano, Angel and Marzetta, Thomas L. and Popovski, Petar},
doi = {10.1109/MCOM.2014.6736746},
eprint = {1312.0229},
isbn = {0163-6804},
issn = {01636804},
journal = {IEEE Communications Magazine},
number = {2},
pages = {74--80},
title = {{Five disruptive technology directions for 5G}},
volume = {52},
year = {2014}
}

@ARTICLE{6515173,
author={T. S. Rappaport and S. Sun and R. Mayzus and H. Zhao and Y. Azar and K. Wang and G. N. Wong and J. K. Schulz and M. Samimi and F. Gutierrez},
journal={IEEE Access},
title={Millimeter Wave Mobile Communications for 5G Cellular: It Will Work!},
year={2013},
volume={1},
number={},
pages={335-349},
keywords={broadband networks;cellular radio;directive antennas;millimetre wave propagation;mobile radio;5G cellular;broadband cellular communication network;cellular mm-wave propagation;densely populated indoor environment;densely populated outdoor environment;frequency 28 GHz;frequency 38 GHz;global bandwidth shortage;millimeter wave frequency spectrum;millimeter wave mobile communication;steerable directional antenna;wireless carrier;Base stations;Computer architecture;Directional antennas;MIMO;Microprocessors;Millimeter wave technology;Mobile communication;Wireless communication;28 GHz;38 GHz;5G;MIMO;cellular;channel models;directional antennas;millimeter wave propagation measurements;mobile communications},
doi={10.1109/ACCESS.2013.2260813},
ISSN={2169-3536},
month={},}

@INPROCEEDINGS{4212879,
author={H. Elgala and R. Mesleh and H. Haas and B. Pricope},
booktitle={2007 IEEE 65th Vehicular Technology Conference - VTC2007-Spring},
title={OFDM Visible Light Wireless Communication Based on White LEDs},
year={2007},
volume={},
number={},
pages={2185-2189},
keywords={OFDM modulation;channel estimation;error correction codes;error statistics;forward error correction;light emitting diodes;quadrature phase shift keying;radiocommunication;synchronisation;90 cm;BER;COFDM;FEC coding;OFDM visible light wireless communication;QPSK;bit error ratio;channel estimation;coded OFDM;forward error correction coding;frequency synchronisation errors;quadrature phase shift keying modulation;time synchronisation routines;white LED;Bit error rate;Data communication;Digital modulation;Forward error correction;Frequency synchronization;Light emitting diodes;OFDM modulation;Quadrature phase shift keying;Transmitters;Wireless communication},
doi={10.1109/VETECS.2007.451},
ISSN={1550-2252},
month={April},}

@INPROCEEDINGS{502029,
author={S. Y. Seidel and H. W. Arnold},
booktitle={Global Telecommunications Conference, 1995. GLOBECOM '95., IEEE},
title={Propagation measurements at 28 GHz to investigate the performance of local multipoint distribution service (LMDS)},
year={1995},
volume={1},
number={},
pages={754-757 vol.1},
keywords={cable television;electromagnetic wave reflection;microwave links;microwave propagation;millimetre wave propagation;28 GHz;LMDS;antenna height;building blockage;coverage limitations;fixed networks;fully-interactive switched broadband multimedia applications;line-of-sight path;local multipoint distribution service;one-way video distribution;path loss;performance;propagation measurements;receiver;residential urban environment;specular reflections;telephony;transmitter;wireless access;wireless cable television;Antenna measurements;Attenuation;Frequency;Loss measurement;Multimedia systems;Radio transmitters;Receivers;Receiving antennas;Reflection;Telephony},
doi={10.1109/GLOCOM.1995.502029},
ISSN={},
month={Nov},}

@INPROCEEDINGS{4211144,
author={M. Nekovee},
booktitle={2006 1st International Conference on Cognitive Radio Oriented Wireless Networks and Communications},
title={Dynamic Spectrum Access with Cognitive Radios: Future Architectures and Research Challenges},
year={2006},
volume={},
number={},
pages={1-5},
keywords={cognitive radio;radio spectrum management;cognitive radios;dynamic spectrum access;electromagnetic environment;software defined radio;spectrum management regulations;Cognitive radio;Electromagnetic modeling;Environmental management;FCC;Frequency;Knowledge management;Polarization;Radio spectrum management;Software radio;TV},
doi={10.1109/CROWNCOM.2006.363464},
ISSN={2166-5370},
month={June},}

@INPROCEEDINGS{819467,
author={J. Mitola},
booktitle={Mobile Multimedia Communications, 1999. (MoMuC '99) 1999 IEEE International Workshop on},
title={Cognitive radio for flexible mobile multimedia communications},
year={1999},
volume={},
number={},
pages={3-10},
keywords={cognitive systems;land mobile radio;model-based reasoning;multimedia communication;protocols;telecommunication computing;3G infrastructure;bandwidth;cognitive radio;fire;flexible mobile multimedia communications;formal radio-etiquette protocols;model-based reasoning;multimedia content;police;radio spectrum allocation;rescue;software radio;spectrum pooling;third-generation services;wireless multimedia applications;Bandwidth;Cognitive radio;Fires;Inference mechanisms;Investments;Mobile communication;Multimedia communication;Protocols;Software radio;Wireless communication},
doi={10.1109/MOMUC.1999.819467},
ISSN={},
month={},}

@electronic{massivemimo,
 title     = "MIMO",
 url       = "https://massivemimo.eu/"
}

@electronic{ltetoolbox,
 title     = "{LTE} {S}ystem {T}oolbox",
 url       = "https://www.mathworks.com/products/lte-system.html"
}


@article{laya2014random,
  title={Is the Random Access Channel of LTE and LTE-A Suitable for M2M Communications? A Survey of Alternatives.},
  author={Laya, Andres and Alonso, Luis and Alonso-Zarate, Jesus},
  journal={IEEE Communications Surveys and Tutorials},
  volume={16},
  number={1},
  pages={4--16},
  year={2014}
}

@article{chen2014survey,
  title={A Survey of Recent Developments in Home M2M Networks.},
  author={Chen, Min and Wan, Jiafu and Gonz{\'a}lez-Valenzuela, Sergio and Liao, Xiaofei and Leung, Victor CM},
  journal={IEEE Communications Surveys and Tutorials},
  volume={16},
  number={1},
  pages={98--114},
  year={2014}
}

@article{rusek2013scaling,
  title={Scaling up {MIMO}: Opportunities and challenges with very large arrays},
  author={Rusek, Fredrik and Persson, Daniel and Lau, Buon Kiong and Larsson, Erik G and Marzetta, Thomas L and Edfors, Ove and Tufvesson, Fredrik},
  journal={IEEE Signal Processing Magazine},
  volume={30},
  number={1},
  pages={40--60},
  year={2013},
  publisher={IEEE}
}

@book{wyglinski2009cognitive,
  title={Cognitive radio communications and networks: principles and practice},
  author={Wyglinski, Alexander M and Nekovee, Maziar and Hou, Thomas},
  year={2009},
  publisher={Academic Press}
}

@article{hong2010capacity,
  title={Capacity of hybrid cognitive radio networks with distributed {VAAs}},
  author={Hong, Xuemin and Wang, Cheng-Xiang and Uysal, Murat and Ge, Xiaohu and Ouyang, Shan},
  journal={IEEE Transactions on Vehicular Technology},
  volume={59},
  number={7},
  pages={3510--3523},
  year={2010},
  publisher={IEEE}
}

@article{roh2014millimeter,
  title={Millimeter-wave beamforming as an enabling technology for 5G cellular communications: Theoretical feasibility and prototype results},
  author={Roh, Wonil and Seol, Ji-Yun and Park, Jeongho and Lee, Byunghwan and Lee, Jaekon and Kim, Yungsoo and Cho, Jaeweon and Cheun, Kyungwhoon and Aryanfar, Farshid},
  journal={IEEE communications magazine},
  volume={52},
  number={2},
  pages={106--113},
  year={2014},
  publisher={IEEE}
}

@article{friis1946note,
  title={A note on a simple transmission formula},
  author={Friis, Harald T},
  journal={Proceedings of the IRE},
  volume={34},
  number={5},
  pages={254--256},
  year={1946},
  publisher={IEEE}
}

@article{ge2016vehicular,
  title={Vehicular communications for 5{G} cooperative small-cell networks},
  author={Ge, Xiaohu and Cheng, Hui and Mao, Guoqiang and Yang, Yang and Tu, Song},
  journal={IEEE Transactions on Vehicular Technology},
  volume={65},
  number={10},
  pages={7882--7894},
  year={2016},
  publisher={IEEE}
}

@article{araniti2013lte,
  title={LTE for vehicular networking: a survey},
  author={Araniti, Giuseppe and Campolo, Claudia and Condoluci, Massimo and Iera, Antonio and Molinaro, Antonella},
  journal={IEEE Communications Magazine},
  volume={51},
  number={5},
  pages={148--157},
  year={2013},
  publisher={IEEE}
}

@article{mumtaz2014direct,
  title={Direct mobile-to-mobile communication: Paradigm for 5{G}},
  author={Mumtaz, Shahid and Huq, Kazi Mohammed Saidul and Rodriguez, Jonathan},
  journal={IEEE Wireless Communications},
  volume={21},
  number={5},
  pages={14--23},
  year={2014},
  publisher={IEEE}
}

@article{bose1999virtual,
  title={Virtual radios},
  author={Bose, Vanu and Ismert, Michael and Welborn, Matt and Guttag, John},
  journal={IEEE Journal on selected areas in communications},
  volume={17},
  number={4},
  pages={591--602},
  year={1999},
  publisher={IEEE}
}

@phdthesis{collins2013implementation,
  title={Implementation and Analysis of Spectral Subtraction and Signal Separation in Deterministic Wide-Band Anti-Jamming Scenarios},
  author={Collins, Travis Fredrick},
  year={2013},
  school={Worcester Polytechnic Institute}
}

@inproceedings{tingting2010high,
  title={A high-speed railway mobile communication system based on {LTE}},
  author={Tingting, Gao and Bin, Sun},
  booktitle={Electronics and Information Engineering (ICEIE), 2010 International Conference On},
  volume={1},
  pages={V1--414},
  year={2010},
  organization={IEEE}
}

@misc{n1974leaky,
  title={Leaky coaxial cable},
  author={Noritaka, Kurauchi and Takena, Nagao and Tsunw, Nakahara},
  url={https://www.google.com/patents/US3810186},
  year={1974},
  month=may # "~7",
  publisher={Google Patents},
  note={{US} Patent 3,810,186}
}

@inproceedings{motley1983directed,
  title={Directed radio coverage within buildings},
  author={Motley, AJ and Palmer, DA},
  booktitle={Proc. IEE Conf. Radio spectrum conversion techniques},
  year={1983}
}

@article{saleh1987distributed,
  title={Distributed antennas for indoor radio communications},
  author={Saleh, Adel AM and Rustako, AJ and Roman, R},
  journal={IEEE Transactions on Communications},
  volume={35},
  number={12},
  pages={1245--1251},
  year={1987},
  publisher={IEEE}
}

@inproceedings{cao1999radio,
  title={Radio propagation along a radiated mode leaky coaxial cable in tunnels},
  author={Cao, H and Zhang, YP},
  booktitle={Microwave Conference, 1999 Asia Pacific},
  volume={2},
  pages={270--272},
  year={1999},
  organization={IEEE}
}

@article{takatsu2007history,
  title={The history and future of high-speed railways in Japan},
  author={Takatsu, Toshiji},
  journal={Japan Railway \& Transport Review},
  volume={48},
  pages={6--21},
  year={2007}
}

@inproceedings{ghasemi2005collaborative,
  title={Collaborative spectrum sensing for opportunistic access in fading environments},
  author={Ghasemi, Amir and Sousa, Elvino S},
  booktitle={New Frontiers in Dynamic Spectrum Access Networks, 2005. DySPAN 2005. 2005 First IEEE International Symposium on},
  pages={131--136},
  year={2005},
  organization={IEEE}
}

@inproceedings{duan2010performance,
  title={Performance analysis of cooperative spectrum sensing in different fading channels},
  author={Duan, Jiaqi and Li, Yong},
  booktitle={Computer Engineering and Technology (ICCET), 2010 2nd International Conference on},
  volume={3},
  pages={V3--64},
  year={2010},
  organization={IEEE}
}

@misc{corridor,
  title={CORRIDOR: Cognitive radio for railway through dynamic and opportunistic spectrum reuse.},
  url={http://corridor.ifsttar.fr},
  year={2014},
  month={March},
}

@ARTICLE{5621621,
author={A. Amanna and M. Gadnhiok and M. J. Price and J. H. Reed and W. P. Siriwongpairat and T. K. Himsoon},
journal={IEEE Vehicular Technology Magazine},
title={Railway Cognitive Radio},
year={2010},
volume={5},
number={3},
pages={82-89},
keywords={cognitive radio;decision making;learning (artificial intelligence);mobile communication;railway engineering;telecommunication computing;artificial intelligence;cognitive engine;learning algorithms;positive train control;railroad operations;railway cognitive radio;situational awareness;software-based decision-making;software-defined radios;wireless communication},
doi={10.1109/MVT.2010.938275},
ISSN={1556-6072},
month={Sept},}

@article{hassan2012blind,
  title={Blind digital modulation identification for spatially-correlated {MIMO} systems},
  author={Hassan, Kais and Dayoub, Iyad and Hamouda, Walaa and Nzeza, Crepin Nsiala and Berbineau, Marion},
  journal={IEEE Transactions on Wireless Communications},
  volume={11},
  number={2},
  pages={683--693},
  year={2012},
  publisher={IEEE}
}


@inproceedings{kharbech2013blind,
  title={Blind digital modulation detector for {MIMO} systems over high-speed railway channels},
  author={Kharbech, Sofiane and Dayoub, Iyad and Simon, Eric and Zwingelstein-Colin, Marie},
  booktitle={International Workshop on Communication Technologies for Vehicles},
  pages={232--241},
  year={2013},
  organization={Springer}
}

@inproceedings{hassan2009automatic,
  title={Automatic modulation recognition using wavelet transform and neural network},
  author={Hassan, K and Dayoub, I and Hamouda, W and Berbineau, M},
  booktitle={Intelligent Transport Systems Telecommunications,(ITST), 2009 9th International Conference on},
  pages={234--238},
  year={2009},
  organization={IEEE}
}

@article{simon2013iterative,
  title={Iterative Soft-Kalman channel estimation for fast time-varying {MIMO-OFDM} channels},
  author={Simon, Eric Pierre and Khalighi, Mohammad Ali},
  journal={IEEE Wireless Communications Letters},
  volume={2},
  number={6},
  pages={599--602},
  year={2013},
  publisher={IEEE}
}

@inproceedings{ksgill,
  title={Heterogeneous Cooperative Spectrum Sensing Test-Bed Using Software-Defined Radios},
  author={Gill, Kuldeep and Wyglinski, Alexander},
  booktitle={2017 IEEE 86th Vehicular Technology Conference (VTC-Fall)},
  year={2017},
  organization={IEEE}
}

@ARTICLE{5338992,
author={R. Lindsey},
journal={IEEE Vehicular Technology Magazine},
title={Positive train control in North America},
year={2009},
volume={4},
number={4},
pages={22-26},
keywords={railways;traffic control;communication-based train management;freight-passenger corridors;positive train control;productivity purposes;railroadese;safety purposes;traffic control;traffic management approaches;Accidents;Communication system control;Communication system operations and management;Communication system traffic control;Communications technology;North America;Protection;Railway safety;Tracking;Traffic control},
doi={10.1109/MVT.2009.934666},
ISSN={1556-6072},
month={December},}

@misc{wibro,
  title={{W}i{B}ro standard {Phase–I}},
  url={http://corridor.ifsttar.fr},
  note={TTAS.KO-06.0065R1},
  year={2004},
  month={December},
}


@inproceedings{weidling2005framework,
  title={A framework for {RF} spectrum measurements and analysis},
  author={Weidling, F and Datla, D and Petty, V and Krishnan, P and Minden, GJ},
  booktitle={New Frontiers in Dynamic Spectrum Access Networks, 2005. DySPAN 2005. 2005 First IEEE International Symposium on},
  pages={573--576},
  year={2005},
  organization={IEEE}
}


@inproceedings{nterhuber2017wide,
  title={Wide band propagation in train-to-train scenarios-{M}easurement campaign and first results},
  author={Unterhuber, Paul and Sand, Stephan and Soliman, Mohammad and Siebler, Benjamin and Lehner, Andreas and Strang, Thomas and d'Atri, Maurizio and Tavano, Fabrizio and Gera, Damini},
  booktitle={Antennas and Propagation (EUCAP), 2017 11th European Conference on},
  pages={3356--3360},
  year={2017},
  organization={IEEE}
}


@article{unterhuber2016survey,
  title={A survey of channel measurements and models for current and future railway communication systems},
  author={Unterhuber, Paul and Pfletschinger, Stephan and Sand, Stephan and Soliman, Mohammad and Jost, Thomas and Arriola, Aitor and Val, I{\~n}aki and Cruces, Cristina and Moreno, Juan and Garc{\'\i}a-Nieto, Juan Pablo and others},
  journal={Mobile Information Systems},
  volume={2016},
  year={2016},
  publisher={Hindawi Publishing Corporation}
}

@ARTICLE{7553613,
author={R. He and B. Ai and G. Wang and K. Guan and Z. Zhong and A. F. Molisch and C. Briso-Rodriguez and C. P. Oestges},
journal={IEEE Vehicular Technology Magazine},
title={High-Speed Railway Communications: From {GSM-R} to {LTE-R}},
year={2016},
volume={11},
number={3},
pages={49-58},
keywords={4G mobile communication;Long Term Evolution;broadband networks;cellular radio;next generation networks;quality of service;rail traffic;railway communication;GSM-R;GSM-railway technology;Global System for Mobile Communication;HSR;LTE-R;Long Term Evolution;communication system;fourth-generation broadband system;high-speed railway communication;investment technology;next-generation railway dedicated communication system;passenger safety;rail service quality improvement;real-time multimedia information;voice-centric second generation system;Bandwidth;Computer architecture;Europe;GSM;Interference;Rail transportation},
doi={10.1109/MVT.2016.2564446},
ISSN={1556-6072},
month={Sept},}

@inproceedings{Tennenhouse:1995:SSA:215530.215551,
 author = {Tennenhouse, David L. and Bose, Vanu G.},
 title = {SpectrumWare: A Software-oriented Approach to Wireless Signal Processing},
 booktitle = {Proceedings of the 1st Annual International Conference on Mobile Computing and Networking},
 series = {MobiCom '95},
 year = {1995},
 isbn = {0-89791-814-2},
 location = {Berkeley, California, USA},
 pages = {37--47},
 numpages = {11},
 url = {http://doi.acm.org/10.1145/215530.215551},
 doi = {10.1145/215530.215551},
 acmid = {215551},
 publisher = {ACM},
 address = {New York, NY, USA},
}

@article{chen2008cyclostationary,
  title={Cyclostationary spectrum detection in cognitive radios},
  author={Chen, Jian and Gibson, Andrew and Zafar, Junaid},
  year={2008},
  publisher={IET}
}

@inproceedings{kapoor2011opportunistic,
  title={Opportunistic spectrum sensing by employing matched filter in cognitive radio network},
  author={Kapoor, Shipra and Rao, SVRK and Singh, Ghanshyam},
  booktitle={Communication Systems and Network Technologies (CSNT), 2011 International Conference on},
  pages={580--583},
  year={2011},
  organization={IEEE}
}

@misc{nytimes,
  title={Nytimes (2017) The Amtrak Derailment Was Caused by a Collective Failure.},
  url={https://www.nytimes.com/2017/12/24/opinion/amtrak-derailment-seattle.html?\_r=0},
  year={2017},
  month={December}
}




